<?xml version="1.0" encoding="UTF-8"?><collection xmlns="http://www.loc.gov/MARC21/slim"><record><leader>00544nam--2200181-i-4500</leader><controlfield tag="001">000030338</controlfield><controlfield tag="002">20161230</controlfield><controlfield tag="005">20161230201038</controlfield><controlfield tag="008">060222s1000------------r-----000-0-eng-d</controlfield><datafield ind1=" " ind2=" " tag="040"><subfield code="a">IFIN-HH</subfield></datafield><datafield ind1=" " ind2=" " tag="080"><subfield code="a">53.084:539.1.07:542.2</subfield></datafield><datafield ind1="1" ind2=" " tag="100"><subfield code="a">Hick,  Robert/S.A.</subfield></datafield><datafield ind1="1" ind2="0" tag="245"><subfield code="a">Laboratory instrumentation</subfield><subfield code="c">Robert hicks, jerald r. schenken, mary ann steinrauf, c.a. mcwhorter</subfield></datafield><datafield ind1=" " ind2=" " tag="260"><subfield code="a">Hagerstown</subfield><subfield code="b">Harper &amp; Row, Publishers</subfield><subfield code="c">1974</subfield></datafield><datafield ind1=" " ind2=" " tag="300"><subfield code="a">VIII + 224P</subfield></datafield><datafield ind1="1" ind2=" " tag="700"><subfield code="a">Mcwhorter, C.A</subfield></datafield><datafield ind1=" " ind2=" " tag="852"><subfield code="a">42575</subfield><subfield code="c">53.08</subfield></datafield><datafield ind1=" " ind2=" " tag="CAT"><subfield code="a">Sys</subfield><subfield code="c">20151029</subfield><subfield code="h">110428</subfield></datafield></record></collection>